<?xml version="1.0" encoding="UTF-8"?><collection xmlns="http://www.loc.gov/MARC21/slim"><record><leader>00404nam--2200133-i-4500</leader><controlfield tag="001">000041910</controlfield><controlfield tag="002">20161230</controlfield><controlfield tag="005">20161230201043</controlfield><controlfield tag="008">060222s1000------------r-----000-0-eng-d</controlfield><datafield ind1=" " ind2=" " tag="080"><subfield code="a">622.24.082.4</subfield></datafield><datafield ind1=" " ind2=" " tag="100"><subfield code="a">Smirnov,A.S. Si Saakov,M.A</subfield></datafield><datafield ind1=" " ind2=" " tag="245"><subfield code="a">Experienta asupra forarii rapide a sondelor petrolier. metode de lucru ale maistrilor sondori vestiti</subfield></datafield><datafield ind1=" " ind2=" " tag="260"><subfield code="a">Bucuresti, Idt, 1950. 114 P</subfield></datafield><datafield ind1=" " ind2=" " tag="852"><subfield code="a">1342</subfield></datafield></record></collection>